@article{Anglesalcazar2017a,
  author       = {{Angl{\'e}s-Alc{\'a}zar}, Daniel and {Dav{\'e}}, Romeel and {Faucher-Gigu{\`e}re}, Claude-Andr{\'e} and {{\"O}zel}, Feryal and {Hopkins}, Philip F.},
  title        = {{Gravitational torque-driven black hole growth and feedback in cosmological simulations}},
  journal      = {\mnras},
  keywords     = {galaxies: active, galaxies: evolution, galaxies: formation, intergalactic medium, quasars: supermassive black holes, cosmology: theory, Astrophysics - Astrophysics of Galaxies, Astrophysics - Cosmology and Nongalactic Astrophysics, Astrophysics - High Energy Astrophysical Phenomena},
  year         = 2017,
  month        = {Jan},
  volume       = 464,
  number       = 3,
  pages        = {2840-2853},
  doi          = {10.1093/mnras/stw2565},
  archiveprefix = {arXiv},
  eprint       = {1603.08007},
  primaryclass = {astro-ph.GA},
  adsurl       = {https://ui.adsabs.harvard.edu/abs/2017MNRAS.464.2840A},
  adsnote      = {Provided by the SAO/NASA Astrophysics Data System},
}

@article{Anglesalcazar2017b,
  author       = {{Angl{\'e}s-Alc{\'a}zar}, Daniel and {Faucher-Gigu{\`e}re}, Claude-Andr{\'e} and {Quataert}, Eliot and {Hopkins}, Philip F. and {Feldmann}, Robert and {Torrey}, Paul and {Wetzel}, Andrew and {Kere{\v{s}}}, Du{\v{s}}an},
  title        = {{Black holes on FIRE: stellar feedback limits early feeding of galactic nuclei}},
  journal      = {\mnras},
  keywords     = {black hole physics, galaxies: active, galaxies: evolution, galaxies: formation, quasars: supermassive black holes, cosmology: theory, Astrophysics - Astrophysics of Galaxies, Astrophysics - Cosmology and Nongalactic Astrophysics, Astrophysics - High Energy Astrophysical Phenomena},
  year         = 2017,
  month        = {Nov},
  volume       = 472,
  number       = 1,
  pages        = {L109-L114},
  doi          = {10.1093/mnrasl/slx161},
  archiveprefix = {arXiv},
  eprint       = {1707.03832},
  primaryclass = {astro-ph.GA},
  adsurl       = {https://ui.adsabs.harvard.edu/abs/2017MNRAS.472L.109A},
  adsnote      = {Provided by the SAO/NASA Astrophysics Data System},
}

@article{Fujimoto2019,
  author       = {{Fujimoto}, Seiji and {Ouchi}, Masami and {Ferrara}, Andrea and {Pallottini}, Andrea and {Ivison}, R.~J. and {Behrens}, Christoph and {Gallerani}, Simona},
  title        = {{First Identification of 10-kpc Scale [CII] 158um Halos around Star-Forming Galaxies at z=5-7}},
  journal      = {arXiv e-prints},
  keywords     = {Astrophysics - Astrophysics of Galaxies},
  year         = 2019,
  month        = {Feb},
  eid          = {arXiv:1902.06760},
  pages        = {arXiv:1902.06760},
  archiveprefix = {arXiv},
  eprint       = {1902.06760},
  primaryclass = {astro-ph.GA},
  adsurl       = {https://ui.adsabs.harvard.edu/\#abs/2019arXiv190206760F},
  adsnote      = {Provided by the SAO/NASA Astrophysics Data System},
}

@article{Faucher-Giguere2009,
  author       = {{Faucher-Gigu{\`e}re}, C.-A. and {Lidz}, A. and {Zaldarriaga}, M. and {Hernquist}, L.},
  title        = {{A New Calculation of the Ionizing Background Spectrum and the Effects of He II Reionization}},
  journal      = {\apj},
  archiveprefix = {arXiv},
  eprint       = {0901.4554},
  primaryclass = {astro-ph.CO},
  keywords     = {cosmology: theory, diffuse radiation, galaxies: evolution, galaxies: formation, galaxies: high-redshift, quasars: absorption lines},
  year         = 2009,
  month        = {October},
  volume       = 703,
  pages        = {1416-1443},
  doi          = {10.1088/0004-637X/703/2/1416},
  adsurl       = {http://adsabs.harvard.edu/abs/2009ApJ...703.1416F},
  adsnote      = {Provided by the SAO/NASA Astrophysics Data System},
}

@article{Wisotzki2016,
  author       = {{Wisotzki}, L. and {Bacon}, R. and {Blaizot}, J. and {Brinchmann}, J. and {Herenz}, E.~C. and {Schaye}, J. and {Bouch{\'e}}, N. and {Cantalupo}, S. and {Contini}, T. and {Carollo}, C.~M. and {Caruana}, J. and {Courbot}, J. -B. and {Emsellem}, E. and {Kamann}, S. and {Kerutt}, J. and {Leclercq}, F. and {Lilly}, S.~J. and {Patr{\'\i}cio}, V. and {Sandin}, C. and {Steinmetz}, M. and {Straka}, L.~A. and {Urrutia}, T. and {Verhamme}, A. and {Weilbacher}, P.~M. and {Wendt}, M.},
  title        = {{Extended Lyman {\ensuremath{\alpha}} haloes around individual high-redshift galaxies revealed by MUSE}},
  journal      = {\aap},
  keywords     = {galaxies: high-redshift, galaxies: evolution, galaxies: formation, cosmology: observations, intergalactic medium, Astrophysics - Astrophysics of Galaxies},
  year         = 2016,
  month        = {Mar},
  volume       = 587,
  eid          = {A98},
  pages        = {A98},
  doi          = {10.1051/0004-6361/201527384},
  archiveprefix = {arXiv},
  eprint       = {1509.05143},
  primaryclass = {astro-ph.GA},
  adsurl       = {https://ui.adsabs.harvard.edu/\#abs/2016A&A...587A..98W},
  adsnote      = {Provided by the SAO/NASA Astrophysics Data System},
}

@article{yt,
  author       = {{Turk}, M.~J. and {Smith}, B.~D. and {Oishi}, J.~S. and {Skory}, S. and {Skillman}, S.~W. and {Abel}, T. and {Norman}, M.~L.},
  title        = {{yt: A Multi-code Analysis Toolkit for Astrophysical Simulation Data}},
  journal      = {The Astrophysical Journal Supplement Series},
  archiveprefix = {arXiv},
  eprint       = {1011.3514},
  primaryclass = {astro-ph.IM},
  keywords     = {cosmology: theory, methods: data analysis, methods: numerical},
  year         = 2011,
  month        = {January},
  volume       = 192,
  eid          = 9,
  pages        = 9,
  doi          = {10.1088/0067-0049/192/1/9},
  adsurl       = {http://adsabs.harvard.edu/abs/2011ApJS..192....9T},
  adsnote      = {Provided by the SAO/NASA Astrophysics Data System},
}

@article{Nilsson2006,
  author       = {{Nilsson}, K.~K. and {Fynbo}, J.~P.~U. and {M{\o}ller}, P. and {Sommer-Larsen}, J. and {Ledoux}, C.},
  title        = {{A Lyman-{$\alpha$} blob in the GOODS South field: evidence for cold accretion onto a dark matter halo}},
  journal      = {\aap},
  eprint       = {astro-ph/0512396},
  keywords     = {cosmology: observations, galaxies: high redshift, galaxies: halos},
  year         = 2006,
  month        = {June},
  volume       = 452,
  pages        = {L23-L26},
  doi          = {10.1051/0004-6361:200600025},
  adsurl       = {http://adsabs.harvard.edu/abs/2006A\%26A...452L..23N},
  adsnote      = {Provided by the SAO/NASA Astrophysics Data System},
}

@article{Smith2007,
  author       = {{Smith}, D.~J.~B. and {Jarvis}, M.~J.},
  title        = {{Evidence for cold accretion onto a massive galaxy at high redshift?}},
  journal      = {\mnras},
  eprint       = {astro-ph/0703522},
  keywords     = {galaxies: formation, galaxies: haloes, galaxies: high-redshift},
  year         = 2007,
  month        = {June},
  volume       = 378,
  pages        = {L49-L53},
  doi          = {10.1111/j.1745-3933.2007.00318.x},
  adsurl       = {http://adsabs.harvard.edu/abs/2007MNRAS.378L..49S},
  adsnote      = {Provided by the SAO/NASA Astrophysics Data System},
}

@article{Ouchi2009,
  author       = {{Ouchi}, M. and {Ono}, Y. and {Egami}, E. and {Saito}, T. and {Oguri}, M. and {McCarthy}, P.~J. and {Farrah}, D. and {Kashikawa}, N. and {Momcheva}, I. and {Shimasaku}, K. and {Nakanishi}, K. and {Furusawa}, H. and {Akiyama}, M. and {Dunlop}, J.~S. and {Mortier}, A.~M.~J. and {Okamura}, S. and {Hayashi}, M. and {Cirasuolo}, M. and {Dressler}, A. and {Iye}, M. and {Jarvis}, M.~J. and {Kodama}, T. and {Martin}, C.~L. and {McLure}, R.~J. and {Ohta}, K. and {Yamada}, T. and {Yoshida}, M.},
  title        = {{Discovery of a Giant Ly{$\alpha$} Emitter Near the Reionization Epoch}},
  journal      = {\apj},
  archiveprefix = {arXiv},
  eprint       = {0807.4174},
  keywords     = {galaxies: formation, galaxies: high redshift, cosmology: observations},
  year         = 2009,
  month        = {May},
  volume       = 696,
  pages        = {1164-1175},
  doi          = {10.1088/0004-637X/696/2/1164},
  adsurl       = {http://adsabs.harvard.edu/abs/2009ApJ...696.1164O},
  adsnote      = {Provided by the SAO/NASA Astrophysics Data System},
}

@article{2010MNRAS.407..613G,
  author       = {{Goerdt}, T. and {Dekel}, A. and {Sternberg}, A. and {Ceverino}, D. and {Teyssier}, R. and {Primack}, J.~R.},
  title        = {{Gravity-driven Ly{$\alpha$} blobs from cold streams into galaxies}},
  journal      = {\mnras},
  archiveprefix = {arXiv},
  eprint       = {0911.5566},
  primaryclass = {astro-ph.CO},
  keywords     = {galaxies: evolution, galaxies: formation, galaxies: high-redshift, intergalactic medium, galaxies: ISM, cosmology: theory},
  year         = 2010,
  month        = {September},
  volume       = 407,
  pages        = {613-631},
  doi          = {10.1111/j.1365-2966.2010.16941.x},
  adsurl       = {http://adsabs.harvard.edu/abs/2010MNRAS.407..613G},
  adsnote      = {Provided by the SAO/NASA Astrophysics Data System},
}

@article{2010ApJ...725..633F,
  author       = {{Faucher-Gigu{\`e}re}, C.-A. and {Kere{\v s}}, D. and {Dijkstra}, M. and {Hernquist}, L. and {Zaldarriaga}, M.},
  title        = {{Ly{$\alpha$} Cooling Emission from Galaxy Formation}},
  journal      = {\apj},
  archiveprefix = {arXiv},
  eprint       = {1005.3041},
  keywords     = {cosmology: theory, galaxies: evolution, galaxies: formation, galaxies: high-redshift, intergalactic medium, radiative transfer},
  year         = 2010,
  month        = {December},
  volume       = 725,
  pages        = {633-657},
  doi          = {10.1088/0004-637X/725/1/633},
  adsurl       = {http://adsabs.harvard.edu/abs/2010ApJ...725..633F},
  adsnote      = {Provided by the SAO/NASA Astrophysics Data System},
}

@article{Steidel2011,
  author       = {{Steidel}, C.~C. and {Bogosavljevi{\'c}}, M. and {Shapley}, A.~E. and {Kollmeier}, J.~A. and {Reddy}, N.~A. and {Erb}, D.~K. and {Pettini}, M.},
  title        = {{Diffuse Ly{$\alpha$} Emitting Halos: A Generic Property of High-redshift Star-forming Galaxies}},
  journal      = {\apj},
  archiveprefix = {arXiv},
  eprint       = {1101.2204},
  keywords     = {cosmology: observations, galaxies: evolution, galaxies: high-redshift},
  year         = 2011,
  month        = {August},
  volume       = 736,
  eid          = 160,
  pages        = 160,
  doi          = {10.1088/0004-637X/736/2/160},
  adsurl       = {http://adsabs.harvard.edu/abs/2011ApJ...736..160S},
  adsnote      = {Provided by the SAO/NASA Astrophysics Data System},
}

@article{2012MNRAS.423..344R,
  author       = {{Rosdahl}, J. and {Blaizot}, J.},
  title        = {{Extended Ly{$\alpha$} emission from cold accretion streams}},
  journal      = {\mnras},
  archiveprefix = {arXiv},
  eprint       = {1112.4408},
  keywords     = {radiative transfer, methods: numerical, cosmology: theory, diffuse radiation, large-scale structure of Universe},
  year         = 2012,
  month        = {June},
  volume       = 423,
  pages        = {344-366},
  doi          = {10.1111/j.1365-2966.2012.20883.x},
  adsurl       = {http://adsabs.harvard.edu/abs/2012MNRAS.423..344R},
  adsnote      = {Provided by the SAO/NASA Astrophysics Data System},
}

@article{2012ApJ...752...86P,
  author       = {{Prescott}, M.~K.~M. and {Dey}, A. and {Brodwin}, M. and {Chaffee}, F.~H. and {Desai}, V. and {Eisenhardt}, P. and {Le Floc'h}, E. and {Jannuzi}, B.~T. and {Kashikawa}, N. and {Matsuda}, Y. and {Soifer}, B.~T.},
  title        = {{Resolving the Galaxies within a Giant Ly{$\alpha$} Nebula: Witnessing the Formation of a Galaxy Group?}},
  journal      = {\apj},
  archiveprefix = {arXiv},
  eprint       = {1111.0630},
  keywords     = {galaxies: evolution, galaxies: formation, galaxies: high-redshift},
  year         = 2012,
  month        = {June},
  volume       = 752,
  eid          = 86,
  pages        = 86,
  doi          = {10.1088/0004-637X/752/2/86},
  adsurl       = {http://adsabs.harvard.edu/abs/2012ApJ...752...86P},
  adsnote      = {Provided by the SAO/NASA Astrophysics Data System},
}

@ARTICLE{Yang2009,
       author = {{Yang}, Yujin and {Zabludoff}, Ann and {Tremonti}, Christy and
         {Eisenstein}, Daniel and {Dav{\'e}}, Romeel},
        title = "{Extended Ly{\ensuremath{\alpha}} Nebulae at z $\approxeq$ 2.3: An Extremely Rare and Strongly Clustered Population?}",
      journal = {\apj},
     keywords = {galaxies: formation, galaxies: high-redshift, intergalactic medium, Astrophysics},
         year = "2009",
        month = "Mar",
       volume = {693},
       number = {2},
        pages = {1579-1587},
          doi = {10.1088/0004-637X/693/2/1579},
archivePrefix = {arXiv},
       eprint = {0811.3446},
 primaryClass = {astro-ph},
       adsurl = {https://ui.adsabs.harvard.edu/abs/2009ApJ...693.1579Y},
      adsnote = {Provided by the SAO/NASA Astrophysics Data System}
}

@article{Badescu2017,
  author       = {{B{\u a}descu}, T. and {Yang}, Y. and {Bertoldi}, F. and {Zabludoff}, A. and {Karim}, A. and {Magnelli}, B.},
  title        = {{Discovery of a Protocluster Associated with a Ly{$\alpha$} Blob Pair at z = 2.3}},
  journal      = {\apj},
  archiveprefix = {arXiv},
  eprint       = {1708.00447},
  keywords     = {galaxies: clusters: general, galaxies: formation, galaxies: high-redshift, intergalactic medium, large-scale structure of universe},
  year         = 2017,
  month        = {August},
  volume       = 845,
  eid          = 172,
  pages        = 172,
  doi          = {10.3847/1538-4357/aa8220},
  adsurl       = {http://adsabs.harvard.edu/abs/2017ApJ...845..172B},
  adsnote      = {Provided by the SAO/NASA Astrophysics Data System},
}

@article{North2017,
  author       = {{North}, P.~L. and {Marino}, R.~A. and {Gorgoni}, C. and {Hayes}, M. and {Sluse}, D. and {Chelouche}, D. and {Verhamme}, A. and {Cantalupo}, S. and {Courbin}, F.},
  title        = {{MUSE-inspired view of the quasar Q2059-360, its Lyman {$\alpha$} blob, and its neighborhood}},
  journal      = {\aap},
  archiveprefix = {arXiv},
  eprint       = {1705.05728},
  keywords     = {galaxies: high-redshift, cosmology: observations, galaxies: active, galaxies: evolution},
  year         = 2017,
  month        = {July},
  volume       = 604,
  eid          = {A23},
  pages        = {A23},
  doi          = {10.1051/0004-6361/201730810},
  adsurl       = {http://adsabs.harvard.edu/abs/2017A%26A...604A..23N},
  adsnote      = {Provided by the SAO/NASA Astrophysics Data System},
}

@article{Ao2017,
  author       = {{Ao}, Y. and {Matsuda}, Y. and {Henkel}, C. and {Iono}, D. and {Alexander}, D.~M. and {Chapman}, S.~C. and {Geach}, J. and {Hatsukade}, B. and {Hayes}, M. and {Hine}, N.~K. and {Kato}, Y. and {Kawabe}, R. and {Kohno}, K. and {Kubo}, M. and {Lehnert}, M. and {Malkan}, M. and {Menten}, K.~M. and {Nagao}, T. and {Norris}, R.~P. and {Ouchi}, M. and {Saito}, T. and {Tamura}, Y. and {Taniguchi}, Y. and {Umehata}, H. and {Weiss}, A.},
  title        = {{Deep Submillimeter and Radio Observations in the SSA22 Field. I. Powering Sources and the Ly{$\alpha$} Escape Fraction of Ly{$\alpha$} Blobs}},
  journal      = {\apj},
  archiveprefix = {arXiv},
  eprint       = {1704.05101},
  keywords     = {galaxies: active, galaxies: formation, galaxies: high-redshift, galaxies: ISM, infrared: galaxies},
  year         = 2017,
  month        = {December},
  volume       = 850,
  eid          = 178,
  pages        = 178,
  doi          = {10.3847/1538-4357/aa960f},
  adsurl       = {http://adsabs.harvard.edu/abs/2017ApJ...850..178A},
  adsnote      = {Provided by the SAO/NASA Astrophysics Data System},
}

@article{Shibuya2017,
  author       = {{Shibuya}, T. and {Ouchi}, M. and {Konno}, A. and {Higuchi}, R. and {Harikane}, Y. and {Ono}, Y. and {Shimasaku}, K. and {Taniguchi}, Y. and {Kobayashi}, M.~A.~R. and {Kajisawa}, M. and {Nagao}, T. and {Furusawa}, H. and {Goto}, T. and {Kashikawa}, N. and {Komiyama}, Y. and {Kusakabe}, H. and {Lee}, C.-H. and {Momose}, R. and {Nakajima}, K. and {Tanaka}, M. and {Wang}, S.-Y. and {Yuma}, S.},
  title        = {{SILVERRUSH. II. First catalogs and properties of \textasciitilde2000 Ly{$\alpha$} emitters and blobs at z \textasciitilde 6-7 identified over the 14-21 deg$^{2}$ sky$^{*}$}},
  journal      = {\pasj},
  archiveprefix = {arXiv},
  eprint       = {1704.08140},
  keywords     = {early universe, galaxies: formation, galaxies: high-redshift},
  year         = 2018,
  month        = {January},
  volume       = 70,
  eid          = {S14},
  pages        = {S14},
  doi          = {10.1093/pasj/psx122},
  adsurl       = {http://adsabs.harvard.edu/abs/2018PASJ...70S..14S},
  adsnote      = {Provided by the SAO/NASA Astrophysics Data System},
}

@article{Matsuda2004,
  author       = {{Matsuda}, Y. and {Yamada}, T. and {Hayashino}, T. and {Tamura}, H. and {Yamauchi}, R. and {Ajiki}, M. and {Fujita}, S.~S. and {Murayama}, T. and {Nagao}, T. and {Ohta}, K. and {Okamura}, S. and {Ouchi}, M. and {Shimasaku}, K. and {Shioya}, Y. and {Taniguchi}, Y.},
  title        = {{A Subaru Search for Ly{$\alpha$} Blobs in and around the Protocluster Region At Redshift z = 3.1}},
  journal      = {\aj},
  eprint       = {astro-ph/0405221},
  keywords     = {Cosmology: Observations, Galaxies: Evolution, Galaxies: Formation, Galaxies: High-Redshift, Galaxies: Starburst},
  year         = 2004,
  month        = {August},
  volume       = 128,
  pages        = {569-584},
  doi          = {10.1086/422020},
  adsurl       = {http://adsabs.harvard.edu/abs/2004AJ....128..569M},
  adsnote      = {Provided by the SAO/NASA Astrophysics Data System},
}

@article{Schirmer2016,
  author       = {{Schirmer}, M. and {Malhotra}, S. and {Levenson}, N.~A. and {Fu}, H. and {Davies}, R.~L. and {Keel}, W.~C. and {Torrey}, P. and {Bennert}, V.~N. and {Pancoast}, A. and {Turner}, J.~E.~H.},
  title        = {{About AGN ionization echoes, thermal echoes and ionization deficits in low-redshift Ly{$\alpha$} blobs}},
  journal      = {\mnras},
  archiveprefix = {arXiv},
  eprint       = {1607.06481},
  keywords     = {radiative transfer, galaxies: active, galaxies: evolution, ultraviolet: galaxies},
  year         = 2016,
  month        = {December},
  volume       = 463,
  pages        = {1554-1586},
  doi          = {10.1093/mnras/stw1819},
  adsurl       = {http://adsabs.harvard.edu/abs/2016MNRAS.463.1554S},
  adsnote      = {Provided by the SAO/NASA Astrophysics Data System},
}

@article{2016ApJ...824L..11T,
  author       = {{Topping}, M.~W. and {Shapley}, A.~E. and {Steidel}, C.~C.},
  title        = {{Substructure within the SSA22 Protocluster at z{\ap}3.09}},
  journal      = {\apjl},
  archiveprefix = {arXiv},
  eprint       = {1605.02079},
  keywords     = {galaxies: clusters: individual: SSA22, galaxies: formation, galaxies: high-redshift, galaxies: starburst, large-scale structure of universe},
  year         = 2016,
  month        = {June},
  volume       = 824,
  eid          = {L11},
  pages        = {L11},
  doi          = {10.3847/2041-8205/824/1/L11},
  adsurl       = {http://adsabs.harvard.edu/abs/2016ApJ...824L..11T},
  adsnote      = {Provided by the SAO/NASA Astrophysics Data System},
}

@article{Caminha2016,
  author       = {{Caminha}, G.~B. and {Karman}, W. and {Rosati}, P. and {Caputi}, K.~I. and {Arrigoni Battaia}, F. and {Balestra}, I. and {Grillo}, C. and {Mercurio}, A. and {Nonino}, M. and {Vanzella}, E.},
  title        = {{Discovery of a faint, star-forming, multiply lensed, Lyman-{$\alpha$} blob}},
  journal      = {\aap},
  archiveprefix = {arXiv},
  eprint       = {1512.05655},
  keywords     = {galaxies: high-redshift, galaxies: star formation, intergalactic medium, galaxies: halos, galaxies: evolution, cosmology: observations},
  year         = 2016,
  month        = {November},
  volume       = 595,
  eid          = {A100},
  pages        = {A100},
  doi          = {10.1051/0004-6361/201527995},
  adsurl       = {http://adsabs.harvard.edu/abs/2016A%26A...595A.100C},
  adsnote      = {Provided by the SAO/NASA Astrophysics Data System},
}

@article{Matsuda2011,
  author       = {{Matsuda}, Y. and {Yamada}, T. and {Hayashino}, T. and {Yamauchi}, R. and {Nakamura}, Y. and {Morimoto}, N. and {Ouchi}, M. and {Ono}, Y. and {Kousai}, K. and {Nakamura}, E. and {Horie}, M. and {Fujii}, T. and {Umemura}, M. and {Mori}, M.},
  title        = {{The Subaru Ly{$\alpha$} blob survey: a sample of 100-kpc Ly{$\alpha$} blobs at z= 3}},
  journal      = {\mnras},
  archiveprefix = {arXiv},
  eprint       = {1010.2877},
  keywords     = {galaxies: evolution, galaxies: formation, galaxies: high-redshift, cosmology: observations, early Universe},
  year         = 2011,
  month        = {January},
  volume       = 410,
  pages        = {L13-L17},
  doi          = {10.1111/j.1745-3933.2010.00969.x},
  adsurl       = {http://adsabs.harvard.edu/abs/2011MNRAS.410L..13M},
  adsnote      = {Provided by the SAO/NASA Astrophysics Data System},
}
% Simulation paper
@article{2013ApJ...773..151Y,
  author       = {{Yajima}, H. and {Li}, Y. and {Zhu}, Q.},
  title        = {{Extended Ly{$\alpha$} Emission from Interacting Galaxies at High Redshifts}},
  journal      = {\apj},
  archiveprefix = {arXiv},
  eprint       = {1210.6440},
  keywords     = {galaxies: evolution, galaxies: formation, galaxies: high-redshift, hydrodynamics, methods: numerical, radiative transfer},
  year         = 2013,
  month        = {August},
  volume       = 773,
  eid          = 151,
  pages        = 151,
  doi          = {10.1088/0004-637X/773/2/151},
  adsurl       = {http://adsabs.harvard.edu/abs/2013ApJ...773..151Y},
  adsnote      = {Provided by the SAO/NASA Astrophysics Data System},
}

@article{Prescott2013,
  author       = {{Prescott}, M.~K.~M. and {Dey}, A. and {Jannuzi}, B.~T.},
  title        = {{A Successful Broadband Survey for Giant Ly{$\alpha$} Nebulae. II. Spectroscopic Confirmation}},
  journal      = {\apj},
  archiveprefix = {arXiv},
  eprint       = {1211.3114},
  keywords     = {galaxies: evolution, galaxies: formation, galaxies: high-redshift, surveys},
  year         = 2013,
  month        = {January},
  volume       = 762,
  eid          = 38,
  pages        = 38,
  doi          = {10.1088/0004-637X/762/1/38},
  adsurl       = {http://adsabs.harvard.edu/abs/2013ApJ...762...38P},
  adsnote      = {Provided by the SAO/NASA Astrophysics Data System},
}

@article{2012ApJ...748..125P,
  author       = {{Prescott}, M.~K.~M. and {Dey}, A. and {Jannuzi}, B.~T.},
  title        = {{A Successful Broadband Survey for Giant Ly{$\alpha$} Nebulae. I. Survey Design and Candidate Selection}},
  journal      = {\apj},
  archiveprefix = {arXiv},
  eprint       = {1111.2603},
  keywords     = {galaxies: evolution, galaxies: formation, galaxies: high-redshift, surveys},
  year         = 2012,
  month        = {April},
  volume       = 748,
  eid          = 125,
  pages        = 125,
  doi          = {10.1088/0004-637X/748/2/125},
  adsurl       = {http://adsabs.harvard.edu/abs/2012ApJ...748..125P},
  adsnote      = {Provided by the SAO/NASA Astrophysics Data System},
}

@article{Barger2012,
  author       = {{Barger}, A.~J. and {Cowie}, L.~L. and {Wold}, I.~G.~B.},
  title        = {{A Flux-limited Sample of z \~{} 1 Ly{$\alpha$} Emitting Galaxies in the Chandra Deep Field South}},
  journal      = {\apj},
  archiveprefix = {arXiv},
  eprint       = {1202.2865},
  keywords     = {cosmology: observations, galaxies: active, galaxies: distances and redshifts, galaxies: evolution, galaxies: starburst},
  year         = 2012,
  month        = {April},
  volume       = 749,
  eid          = 106,
  pages        = 106,
  doi          = {10.1088/0004-637X/749/2/106},
  adsurl       = {http://adsabs.harvard.edu/abs/2012ApJ...749..106B},
  adsnote      = {Provided by the SAO/NASA Astrophysics Data System},
}

@article{Wisotzki2018,
  author       = {{Wisotzki}, L. and {Bacon}, R. and {Brinchmann}, J. and {Cantalupo}, S. and {Richter}, P. and {Schaye}, J. and {Schmidt}, K.~B. and {Urrutia}, T. and {Weilbacher}, P.~M. and {Akhlaghi}, M. and {Bouch{\'e}}, N. and {Contini}, T. and {Guiderdoni}, B. and {Herenz}, E.~C. and {Inami}, H. and {Kerutt}, J. and {Leclercq}, F. and {Marino}, R.~A. and {Maseda}, M. and {Monreal-Ibero}, A. and {Nanayakkara}, T. and {Richard}, J. and {Saust}, R. and {Steinmetz}, M. and {Wendt}, M.},
  title        = {{Nearly all the sky is covered by Lyman-{$\alpha$} emission around high-redshift galaxies}},
  journal      = {\nat},
  archiveprefix = {arXiv},
  eprint       = {1810.00843},
  year         = 2018,
  month        = {October},
  volume       = 562,
  pages        = {229-232},
  doi          = {10.1038/s41586-018-0564-6},
  adsurl       = {http://adsabs.harvard.edu/abs/2018Natur.562..229W},
  adsnote      = {Provided by the SAO/NASA Astrophysics Data System},
}

@article{Keel1999,
  author       = {{Keel}, William C. and {Cohen}, Seth H. and {Windhorst}, Rogier A. and {Waddington}, Ian},
  title        = {{Evidence for Large-Scale Structure at z \textasciitilde 2.4 from Ly{\ensuremath{\alpha}} Imaging}},
  journal      = {\aj},
  keywords     = {GALAXIES: EVOLUTION, GALAXIES: FORMATION, COSMOLOGY: LARGE-SCALE STRUCTURE OF UNIVERSE, Astrophysics},
  year         = 1999,
  month        = {Dec},
  volume       = 118,
  number       = 6,
  pages        = {2547-2560},
  doi          = {10.1086/301139},
  archiveprefix = {arXiv},
  eprint       = {astro-ph/9908183},
  primaryclass = {astro-ph},
  adsurl       = {https://ui.adsabs.harvard.edu/abs/1999AJ....118.2547K},
  adsnote      = {Provided by the SAO/NASA Astrophysics Data System},
}

@article{Steidel2000,
  author       = {{Steidel}, Charles C. and {Adelberger}, Kurt L. and {Shapley}, Alice E. and {Pettini}, Max and {Dickinson}, Mark and {Giavalisco}, Mauro},
  title        = {{Ly{\ensuremath{\alpha}} Imaging of a Proto-Cluster Region at \&lt;z\&gt;=3.09}},
  journal      = {\apj},
  keywords     = {GALAXIES: DISTANCES AND REDSHIFTS, GALAXIES: EVOLUTION, GALAXIES: FORMATION, COSMOLOGY: LARGE-SCALE STRUCTURE OF UNIVERSE, Astrophysics},
  year         = 2000,
  month        = {Mar},
  volume       = 532,
  number       = 1,
  pages        = {170-182},
  doi          = {10.1086/308568},
  archiveprefix = {arXiv},
  eprint       = {astro-ph/9910144},
  primaryclass = {astro-ph},
  adsurl       = {https://ui.adsabs.harvard.edu/abs/2000ApJ...532..170S},
  adsnote      = {Provided by the SAO/NASA Astrophysics Data System},
}

@article{Francis2001,
  author       = {{Francis}, Paul J. and {Williger}, Gerard M. and {Collins}, Nicholas R. and {Palunas}, Povilas and {Malumuth}, Eliot M. and {Woodgate}, Bruce E. and {Teplitz}, Harry I. and {Smette}, Alain and {Sutherland}, Ralph S. and {Danks}, Anthony C. and {Hill}, Robert S. and {Lindler}, Donald and {Kimble}, Randy A. and {Heap}, Sara R. and {Hutchings}, John B.},
  title        = {{A Pair of Compact Red Galaxies at Redshift 2.38, Immersed in a 100 Kiloparsec Scale Ly{\ensuremath{\alpha}} Nebula}},
  journal      = {\apj},
  keywords     = {Galaxies: Evolution, Galaxies: Formation, Galaxies: High-Redshift, Galaxies: Interactions, Astrophysics},
  year         = 2001,
  month        = {Jun},
  volume       = 554,
  number       = 2,
  pages        = {1001-1011},
  doi          = {10.1086/321417},
  archiveprefix = {arXiv},
  eprint       = {astro-ph/0102263},
  primaryclass = {astro-ph},
  adsurl       = {https://ui.adsabs.harvard.edu/abs/2001ApJ...554.1001F},
  adsnote      = {Provided by the SAO/NASA Astrophysics Data System},
}

@article{Rosdahl2012,
  author       = {{Rosdahl}, J. and {Blaizot}, J.},
  title        = {{Extended Ly{\ensuremath{\alpha}} emission from cold accretion streams}},
  journal      = {\mnras},
  keywords     = {radiative transfer, methods: numerical, cosmology: theory, diffuse radiation, large-scale structure of Universe, Astrophysics - Cosmology and Nongalactic Astrophysics},
  year         = 2012,
  month        = {Jun},
  volume       = 423,
  number       = 1,
  pages        = {344-366},
  doi          = {10.1111/j.1365-2966.2012.20883.x},
  archiveprefix = {arXiv},
  eprint       = {1112.4408},
  primaryclass = {astro-ph.CO},
  adsurl       = {https://ui.adsabs.harvard.edu/abs/2012MNRAS.423..344R},
  adsnote      = {Provided by the SAO/NASA Astrophysics Data System},
}

@article{Cen2013,
  author       = {{Cen}, Renyue and {Zheng}, Zheng},
  title        = {{The Nature of Ly{\ensuremath{\alpha}} Blobs: Powered by Extreme Starbursts}},
  journal      = {\apj},
  keywords     = {galaxies: clusters: general, galaxies: high-redshift, galaxies: starburst, hydrodynamics, quasars: emission lines, radiative transfer, Astrophysics - Cosmology and Nongalactic Astrophysics},
  year         = 2013,
  month        = {Oct},
  volume       = 775,
  number       = 2,
  eid          = 112,
  pages        = 112,
  doi          = {10.1088/0004-637X/775/2/112},
  archiveprefix = {arXiv},
  eprint       = {1210.3600},
  primaryclass = {astro-ph.CO},
  adsurl       = {https://ui.adsabs.harvard.edu/abs/2013ApJ...775..112C},
  adsnote      = {Provided by the SAO/NASA Astrophysics Data System},
}

@article{Fardal2001,
  author       = {{Fardal}, Mark A. and {Katz}, Neal and {Gardner}, Jeffrey P. and {Hernquist}, Lars and {Weinberg}, David H. and {Dav{\'e}}, Romeel},
  title        = {{Cooling Radiation and the Ly{\ensuremath{\alpha}} Luminosity of Forming Galaxies}},
  journal      = {\apj},
  keywords     = {Cosmology: Theory, Galaxies: Formation, Galaxies: ISM, Astrophysics},
  year         = 2001,
  month        = {Dec},
  volume       = 562,
  number       = 2,
  pages        = {605-617},
  doi          = {10.1086/323519},
  archiveprefix = {arXiv},
  eprint       = {astro-ph/0007205},
  primaryclass = {astro-ph},
  adsurl       = {https://ui.adsabs.harvard.edu/abs/2001ApJ...562..605F},
  adsnote      = {Provided by the SAO/NASA Astrophysics Data System},
}

@article{Furlanetto2005,
  author       = {{Furlanetto}, Steven R. and {Schaye}, Joop and {Springel}, Volker and {Hernquist}, Lars},
  title        = {{Ly{\ensuremath{\alpha}} Emission from Structure Formation}},
  journal      = {\apj},
  keywords     = {Cosmology: Theory, Galaxies: Formation, Galaxies: Intergalactic Medium, Astrophysics},
  year         = 2005,
  month        = {Mar},
  volume       = 622,
  number       = 1,
  pages        = {7-27},
  doi          = {10.1086/426808},
  archiveprefix = {arXiv},
  eprint       = {astro-ph/0409736},
  primaryclass = {astro-ph},
  adsurl       = {https://ui.adsabs.harvard.edu/abs/2005ApJ...622....7F},
  adsnote      = {Provided by the SAO/NASA Astrophysics Data System},
}

@article{Geach2016,
  author       = {{Geach}, J.~E. and {Narayanan}, D. and {Matsuda}, Y. and {Hayes}, M. and {Mas-Ribas}, Ll. and {Dijkstra}, M. and {Steidel}, C.~C. and {Chapman}, S.~C. and {Feldmann}, R. and {Avison}, A. and {Agertz}, O. and {Ao}, Y. and {Birkinshaw}, M. and {Bremer}, M.~N. and {Clements}, D.~L. and {Dannerbauer}, H. and {Farrah}, D. and {Harrison}, C.~M. and {Kubo}, M. and {Micha{\l}owski}, M.~J. and {Scott}, Douglas and {Smith}, D.~J.~B. and {Spaans}, M. and {Simpson}, J.~M. and {Swinbank}, A.~M. and {Taniguchi}, Y. and {van der Werf}, P. and {Verma}, A. and {Yamada}, T.},
  title        = {{ALMA Observations of Ly{\ensuremath{\alpha}} Blob 1: Halo Substructure Illuminated from Within}},
  journal      = {\apj},
  keywords     = {galaxies: evolution, galaxies: halos, galaxies: high-redshift, Astrophysics - Astrophysics of Galaxies, Astrophysics - Cosmology and Nongalactic Astrophysics},
  year         = 2016,
  month        = {Nov},
  volume       = 832,
  number       = 1,
  eid          = 37,
  pages        = 37,
  doi          = {10.3847/0004-637X/832/1/37},
  archiveprefix = {arXiv},
  eprint       = {1608.02941},
  primaryclass = {astro-ph.GA},
  adsurl       = {https://ui.adsabs.harvard.edu/abs/2016ApJ...832...37G},
  adsnote      = {Provided by the SAO/NASA Astrophysics Data System},
}

@article{Goerdt2010,
  author       = {{Goerdt}, Tobias and {Dekel}, A. and {Sternberg}, A. and {Ceverino}, D. and {Teyssier}, R. and {Primack}, J.~R.},
  title        = {{Gravity-driven Ly{\ensuremath{\alpha}} blobs from cold streams into galaxies}},
  journal      = {\mnras},
  keywords     = {galaxies: evolution, galaxies: formation, galaxies: high-redshift, intergalactic medium, galaxies: ISM, cosmology: theory, Astrophysics - Cosmology and Extragalactic Astrophysics, Astrophysics - Galaxy Astrophysics},
  year         = 2010,
  month        = {Sep},
  volume       = 407,
  number       = 1,
  pages        = {613-631},
  doi          = {10.1111/j.1365-2966.2010.16941.x},
  archiveprefix = {arXiv},
  eprint       = {0911.5566},
  primaryclass = {astro-ph.CO},
  adsurl       = {https://ui.adsabs.harvard.edu/abs/2010MNRAS.407..613G},
  adsnote      = {Provided by the SAO/NASA Astrophysics Data System},
}

@article{Gronke2017,
  author       = {{Gronke}, Max and {Bird}, Simeon},
  title        = {{Giant Lyman-alpha Nebulae in the Illustris Simulation}},
  journal      = {\apj},
  keywords     = {galaxies: high-redshift, intergalactic medium, line: formation, quasars: general, radiative transfer, scattering, Astrophysics - Astrophysics of Galaxies, Astrophysics - Cosmology and Nongalactic Astrophysics},
  year         = 2017,
  month        = {Feb},
  volume       = 835,
  number       = 2,
  eid          = 207,
  pages        = 207,
  doi          = {10.3847/1538-4357/835/2/207},
  archiveprefix = {arXiv},
  eprint       = {1605.03598},
  primaryclass = {astro-ph.GA},
  adsurl       = {https://ui.adsabs.harvard.edu/abs/2017ApJ...835..207G},
  adsnote      = {Provided by the SAO/NASA Astrophysics Data System},
}

@article{Haiman2000,
  author       = {{Haiman}, Zolt{\'a}n and {Spaans}, Marco and {Quataert}, Eliot},
  title        = {{Ly{\ensuremath{\alpha}} Cooling Radiation from High-Redshift Halos}},
  journal      = {\apj},
  keywords     = {Cosmology: Theory, Cosmology: Early Universe, Galaxies: Evolution, Galaxies: ISM, Astrophysics},
  year         = 2000,
  month        = {Jul},
  volume       = 537,
  number       = 1,
  pages        = {L5-L8},
  doi          = {10.1086/312754},
  archiveprefix = {arXiv},
  eprint       = {astro-ph/0003366},
  primaryclass = {astro-ph},
  adsurl       = {https://ui.adsabs.harvard.edu/abs/2000ApJ...537L...5H},
  adsnote      = {Provided by the SAO/NASA Astrophysics Data System},
}

@article{Kollmeier2010,
  author       = {{Kollmeier}, Juna A. and {Zheng}, Zheng and {Dav{\'e}}, Romeel and {Gould}, Andrew and {Katz}, Neal and {Miralda-Escud{\'e}}, Jordi and {Weinberg}, David H.},
  title        = {{Ly{\ensuremath{\alpha}} Emission from Cosmic Structure. I. Fluorescence}},
  journal      = {\apj},
  keywords     = {cosmology: theory, galaxies: formation, hydrodynamics, intergalactic medium, radiative transfer, scattering, Astrophysics - Cosmology and Extragalactic Astrophysics},
  year         = 2010,
  month        = {Jan},
  volume       = 708,
  number       = 2,
  pages        = {1048-1075},
  doi          = {10.1088/0004-637X/708/2/1048},
  archiveprefix = {arXiv},
  eprint       = {0907.0704},
  primaryclass = {astro-ph.CO},
  adsurl       = {https://ui.adsabs.harvard.edu/abs/2010ApJ...708.1048K},
  adsnote      = {Provided by the SAO/NASA Astrophysics Data System},
}

@article{Laursen2007,
  author       = {{Laursen}, Peter and {Sommer-Larsen}, Jesper},
  title        = {{Ly{\ensuremath{\alpha}} Resonant Scattering in Young Galaxies: Predictions from Cosmological Simulations}},
  journal      = {\apj},
  keywords     = {Galaxies: Formation, Line: Formation, Line: Profiles, Radiative Transfer, Scattering, Astrophysics},
  year         = 2007,
  month        = {Mar},
  volume       = 657,
  number       = 2,
  pages        = {L69-L72},
  doi          = {10.1086/513191},
  archiveprefix = {arXiv},
  eprint       = {astro-ph/0610761},
  primaryclass = {astro-ph},
  adsurl       = {https://ui.adsabs.harvard.edu/abs/2007ApJ...657L..69L},
  adsnote      = {Provided by the SAO/NASA Astrophysics Data System},
}

@article{Mas-Ribas2016,
  author       = {{Mas-Ribas}, Llu{\'\i}s and {Dijkstra}, Mark},
  title        = {{On the Contribution of Fluorescence to Ly{\ensuremath{\alpha}} Halos around Star-Forming Galaxies}},
  journal      = {\apj},
  keywords     = {galaxies: structure, Galaxy: halo, Astrophysics - Astrophysics of Galaxies},
  year         = 2016,
  month        = {May},
  volume       = 822,
  number       = 2,
  eid          = 84,
  pages        = 84,
  doi          = {10.3847/0004-637X/822/2/84},
  archiveprefix = {arXiv},
  eprint       = {1603.04840},
  primaryclass = {astro-ph.GA},
  adsurl       = {https://ui.adsabs.harvard.edu/abs/2016ApJ...822...84M},
  adsnote      = {Provided by the SAO/NASA Astrophysics Data System},
}

@article{Mas-Ribas2017,
       author = {{Mas-Ribas}, Llu{\'\i}s and {Hennawi}, Joseph F. and {Dijkstra}, Mark and
         {Davies}, Frederick B. and {Stern}, Jonathan and {Rix}, Hans-Walter},
        title = "{Small-scale Intensity Mapping: Extended Halos as a Probe of the Ionizing Escape Fraction and Faint Galaxy Populations during Reionization}",
      journal = {\apj},
     keywords = {dark ages, reionization, first stars, galaxies: star formation, Galaxy: halo, radiative transfer, Astrophysics - Astrophysics of Galaxies},
         year = "2017",
        month = "Sep",
       volume = {846},
       number = {1},
          eid = {11},
        pages = {11},
          doi = {10.3847/1538-4357/aa8328},
archivePrefix = {arXiv},
       eprint = {1707.07713},
 primaryClass = {astro-ph.GA},
       adsurl = {https://ui.adsabs.harvard.edu/abs/2017ApJ...846...11M},
      adsnote = {Provided by the SAO/NASA Astrophysics Data System}
}

@article{Cantalupo2005,
  author       = {{Cantalupo}, Sebastiano and {Porciani}, Cristiano and {Lilly}, Simon J. and {Miniati}, Francesco},
  title        = {{Fluorescent Ly{\ensuremath{\alpha}} Emission from the High-Redshift Intergalactic Medium}},
  journal      = {\apj},
  keywords     = {Cosmology: Theory, Galaxies: Intergalactic Medium, Cosmology: Large-Scale Structure of Universe, Line: Formation, Galaxies: Quasars: Absorption Lines, Radiative Transfer, Astrophysics},
  year         = 2005,
  month        = {Jul},
  volume       = 628,
  number       = 1,
  pages        = {61-75},
  doi          = {10.1086/430758},
  archiveprefix = {arXiv},
  eprint       = {astro-ph/0504015},
  primaryclass = {astro-ph},
  adsurl       = {https://ui.adsabs.harvard.edu/abs/2005ApJ...628...61C},
  adsnote      = {Provided by the SAO/NASA Astrophysics Data System},
}

@article{Dijkstra2014,
  author       = {{Dijkstra}, Mark},
  title        = {{Ly{\ensuremath{\alpha}} Emitting Galaxies as a Probe of Reionisation}},
  journal      = {\pasa},
  keywords     = {cosmology: dark ages, reionisation, first stars, galaxies: intergalactic medium, high redshift, radiative transfer, scattering, ultraviolet: galaxies, Astrophysics - Cosmology and Nongalactic Astrophysics, Astrophysics - Astrophysics of Galaxies},
  year         = 2014,
  month        = {Oct},
  volume       = 31,
  eid          = {e040},
  pages        = {e040},
  doi          = {10.1017/pasa.2014.33},
  archiveprefix = {arXiv},
  eprint       = {1406.7292},
  primaryclass = {astro-ph.CO},
  adsurl       = {https://ui.adsabs.harvard.edu/abs/2014PASA...31...40D},
  adsnote      = {Provided by the SAO/NASA Astrophysics Data System},
}

@article{Scholz1991,
  author       = {{Scholz}, T.~T. and {Walters}, H.~R.~J.},
  title        = {{Collisional Rates and Cooling within Atomic Hydrogen Plasmas}},
  journal      = {\apj},
  keywords     = {Collision Rates, Electron Impact, Hydrogen Atoms, Hydrogen Plasma, Transition Probabilities, Astrophysics, Ground State, Ionized Gases, Maxwell-Boltzmann Density Function, Plasma Physics, ATOMIC PROCESSES, PLASMAS, TRANSITION PROBABILITIES},
  year         = 1991,
  month        = {Oct},
  volume       = 380,
  pages        = 302,
  doi          = {10.1086/170587},
  adsurl       = {https://ui.adsabs.harvard.edu/abs/1991ApJ...380..302S},
  adsnote      = {Provided by the SAO/NASA Astrophysics Data System},
}

@article{Kasen2006,
  author       = {{Kasen}, Daniel and {Thomas}, R.~C. and {Nugent}, P.},
  title        = {{Time-dependent Monte Carlo Radiative Transfer Calculations for Three-dimensional Supernova Spectra, Light Curves, and Polarization}},
  journal      = {\apj},
  keywords     = {Polarization, Radiative Transfer, Stars: Supernovae: General, Astrophysics},
  year         = 2006,
  month        = {Nov},
  volume       = 651,
  number       = 1,
  pages        = {366-380},
  doi          = {10.1086/506190},
  archiveprefix = {arXiv},
  eprint       = {astro-ph/0606111},
  primaryclass = {astro-ph},
  adsurl       = {https://ui.adsabs.harvard.edu/abs/2006ApJ...651..366K},
  adsnote      = {Provided by the SAO/NASA Astrophysics Data System},
}

@article{Pengelly1964,
  author       = {{Pengelly}, R.~M.},
  title        = {{Recombination spectra, I}},
  journal      = {\mnras},
  year         = 1964,
  month        = {Jan},
  volume       = 127,
  pages        = 145,
  doi          = {10.1093/mnras/127.2.145},
  adsurl       = {https://ui.adsabs.harvard.edu/abs/1964MNRAS.127..145P},
  adsnote      = {Provided by the SAO/NASA Astrophysics Data System},
}

@article{Smith2015,
  author       = {{Smith}, Aaron and {Safranek-Shrader}, Chalence and {Bromm}, Volker and {Milosavljevi{\'c}}, Milo{\v{s}}},
  title        = {{The Lyman {\ensuremath{\alpha}} signature of the first galaxies}},
  journal      = {\mnras},
  keywords     = {line: profiles, radiative transfer, galaxies: formation, galaxies: high-redshift, cosmology: theory, Astrophysics - Cosmology and Nongalactic Astrophysics},
  year         = 2015,
  month        = {Jun},
  volume       = 449,
  number       = 4,
  pages        = {4336-4362},
  doi          = {10.1093/mnras/stv565},
  archiveprefix = {arXiv},
  eprint       = {1409.4480},
  primaryclass = {astro-ph.CO},
  adsurl       = {https://ui.adsabs.harvard.edu/abs/2015MNRAS.449.4336S},
  adsnote      = {Provided by the SAO/NASA Astrophysics Data System},
}

@article{Smith2019,
  author       = {{Smith}, Aaron and {Ma}, Xiangcheng and {Bromm}, Volker and {Finkelstein}, Steven L. and {Hopkins}, Philip F. and {Faucher-Gigu{\`e}re}, Claude-Andr{\'e} and {Kere{\v{s}}}, Du{\v{s}}an},
  title        = {{The physics of Lyman {\ensuremath{\alpha}} escape from high-redshift galaxies}},
  journal      = {\mnras},
  keywords     = {radiative transfer, galaxies: formation, galaxies: high-redshift, Astrophysics - Astrophysics of Galaxies},
  year         = 2019,
  month        = {Mar},
  volume       = 484,
  number       = 1,
  pages        = {39-59},
  doi          = {10.1093/mnras/sty3483},
  archiveprefix = {arXiv},
  eprint       = {1810.08185},
  primaryclass = {astro-ph.GA},
  adsurl       = {https://ui.adsabs.harvard.edu/abs/2019MNRAS.484...39S},
  adsnote      = {Provided by the SAO/NASA Astrophysics Data System},
}

@article{Laursen2009,
  author       = {{Laursen}, Peter and {Sommer-Larsen}, Jesper and {Andersen}, Anja C.},
  title        = {{Ly{\ensuremath{\alpha}} Radiative Transfer with Dust: Escape Fractions from Simulated High-Redshift Galaxies}},
  journal      = {\apj},
  keywords     = {dust, extinction, galaxies: high-redshift, line: formation, line: profiles, radiative transfer, scattering, Astrophysics - Cosmology and Nongalactic Astrophysics, Astrophysics - Astrophysics of Galaxies},
  year         = 2009,
  month        = {Oct},
  volume       = 704,
  number       = 2,
  pages        = {1640-1656},
  doi          = {10.1088/0004-637X/704/2/1640},
  archiveprefix = {arXiv},
  eprint       = {0907.2698},
  primaryclass = {astro-ph.CO},
  adsurl       = {https://ui.adsabs.harvard.edu/abs/2009ApJ...704.1640L},
  adsnote      = {Provided by the SAO/NASA Astrophysics Data System},
}

@article{Eldridge2008,
  author       = {{Eldridge}, John J. and {Izzard}, Robert G. and {Tout}, Christopher A.},
  title        = {{The effect of massive binaries on stellar populations and supernova progenitors}},
  journal      = {\mnras},
  keywords     = {binaries: general, stars: evolution, supergiants, supernovae: general, stars: Wolf-Rayet, Astrophysics},
  year         = 2008,
  month        = {Mar},
  volume       = 384,
  number       = 3,
  pages        = {1109-1118},
  doi          = {10.1111/j.1365-2966.2007.12738.x},
  archiveprefix = {arXiv},
  eprint       = {0711.3079},
  primaryclass = {astro-ph},
  adsurl       = {https://ui.adsabs.harvard.edu/abs/2008MNRAS.384.1109E},
  adsnote      = {Provided by the SAO/NASA Astrophysics Data System},
}

@article{Feldmann2016,
  author       = {{Feldmann}, Robert and {Hopkins}, Philip F. and {Quataert}, Eliot and {Faucher-Gigu{\`e}re}, Claude-Andr{\'e} and {Kere{\v{s}}}, Du{\v{s}}an},
  title        = {{The formation of massive, quiescent galaxies at cosmic noon}},
  journal      = {\mnras},
  keywords     = {galaxies: evolution, galaxies: formation, galaxies: high-redshift, galaxies: star formation, Astrophysics - Astrophysics of Galaxies},
  year         = 2016,
  month        = {May},
  volume       = 458,
  number       = 1,
  pages        = {L14-L18},
  doi          = {10.1093/mnrasl/slw014},
  archiveprefix = {arXiv},
  eprint       = {1601.04704},
  primaryclass = {astro-ph.GA},
  adsurl       = {https://ui.adsabs.harvard.edu/abs/2016MNRAS.458L..14F},
  adsnote      = {Provided by the SAO/NASA Astrophysics Data System},
}

@article{Feldmann2017,
  author       = {{Feldmann}, Robert and {Quataert}, Eliot and {Hopkins}, Philip F. and {Faucher-Gigu{\`e}re}, Claude-Andr{\'e} and {Kere{\v{s}}}, Du{\v{s}}an},
  title        = {{Colours, star formation rates and environments of star-forming and quiescent galaxies at the cosmic noon}},
  journal      = {\mnras},
  keywords     = {galaxies: evolution, galaxies: formation, galaxies: haloes, galaxies: high-redshift, galaxies: star formation, Astrophysics - Astrophysics of Galaxies},
  year         = 2017,
  month        = {Sep},
  volume       = 470,
  number       = 1,
  pages        = {1050-1072},
  doi          = {10.1093/mnras/stx1120},
  archiveprefix = {arXiv},
  eprint       = {1610.02411},
  primaryclass = {astro-ph.GA},
  adsurl       = {https://ui.adsabs.harvard.edu/abs/2017MNRAS.470.1050F},
  adsnote      = {Provided by the SAO/NASA Astrophysics Data System},
}

@article{Hopkins2013,
  author       = {{Hopkins}, Philip F. and {Narayanan}, Desika and {Murray}, Norman},
  title        = {{The meaning and consequences of star formation criteria in galaxy models with resolved stellar feedback}},
  journal      = {\mnras},
  keywords     = {galaxies: active, galaxies: evolution, galaxies: formation, cosmology: theory, Astrophysics - Cosmology and Extragalactic Astrophysics, Astrophysics - Galaxy Astrophysics},
  year         = 2013,
  month        = {Jul},
  volume       = 432,
  number       = 4,
  pages        = {2647-2653},
  doi          = {10.1093/mnras/stt723},
  archiveprefix = {arXiv},
  eprint       = {1303.0285},
  primaryclass = {astro-ph.CO},
  adsurl       = {https://ui.adsabs.harvard.edu/abs/2013MNRAS.432.2647H},
  adsnote      = {Provided by the SAO/NASA Astrophysics Data System},
}

@article{Hopkins2015,
  author       = {{Hopkins}, Philip F.},
  title        = {{A new class of accurate, mesh-free hydrodynamic simulation methods}},
  journal      = {\mnras},
  keywords     = {hydrodynamics, instabilities, turbulence, methods: numerical, cosmology: theory, Astrophysics - Cosmology and Nongalactic Astrophysics, Astrophysics - Astrophysics of Galaxies, Astrophysics - Instrumentation and Methods for Astrophysics, Physics - Computational Physics, Physics - Fluid Dynamics},
  year         = 2015,
  month        = {Jun},
  volume       = 450,
  number       = 1,
  pages        = {53-110},
  doi          = {10.1093/mnras/stv195},
  archiveprefix = {arXiv},
  eprint       = {1409.7395},
  primaryclass = {astro-ph.CO},
  adsurl       = {https://ui.adsabs.harvard.edu/abs/2015MNRAS.450...53H},
  adsnote      = {Provided by the SAO/NASA Astrophysics Data System},
}

@article{Hopkins2018,
  author       = {{Hopkins}, Philip F. and {Wetzel}, Andrew and {Kere{\v{s}}}, Du{\v{s}}an and {Faucher-Gigu{\`e}re}, Claude-Andr{\'e} and {Quataert}, Eliot and {Boylan-Kolchin}, Michael and {Murray}, Norman and {Hayward}, Christopher C. and {Garrison-Kimmel}, Shea and {Hummels}, Cameron and {Feldmann}, Robert and {Torrey}, Paul and {Ma}, Xiangcheng and {Angl{\'e}s-Alc{\'a}zar}, Daniel and {Su}, Kung-Yi and {Orr}, Matthew and {Schmitz}, Denise and {Escala}, Ivanna and {Sanderson}, Robyn and {Grudi{\'c}}, Michael Y. and {Hafen}, Zachary and {Kim}, Ji-Hoon and {Fitts}, Alex and {Bullock}, James S. and {Wheeler}, Coral and {Chan}, T.~K. and {Elbert}, Oliver D. and {Narayanan}, Desika},
  title        = {{FIRE-2 simulations: physics versus numerics in galaxy formation}},
  journal      = {\mnras},
  keywords     = {methods: numerical, stars: formation, galaxies: active, galaxies: evolution, galaxies: formation, cosmology: theory, Astrophysics - Astrophysics of Galaxies, Astrophysics - Cosmology and Nongalactic Astrophysics, Astrophysics - Instrumentation and Methods for Astrophysics},
  year         = 2018,
  month        = {Oct},
  volume       = 480,
  number       = 1,
  pages        = {800-863},
  doi          = {10.1093/mnras/sty1690},
  archiveprefix = {arXiv},
  eprint       = {1702.06148},
  primaryclass = {astro-ph.GA},
  adsurl       = {https://ui.adsabs.harvard.edu/abs/2018MNRAS.480..800H},
  adsnote      = {Provided by the SAO/NASA Astrophysics Data System},
}

@article{Ma2015,
  author       = {{Ma}, Xiangcheng and {Kasen}, Daniel and {Hopkins}, Philip F. and {Faucher-Gigu{\`e}re}, Claude-Andr{\'e} and {Quataert}, Eliot and {Kere{\v{s}}}, Du{\v{s}}an and {Murray}, Norman},
  title        = {{The difficulty of getting high escape fractions of ionizing photons from high-redshift galaxies: a view from the FIRE cosmological simulations}},
  journal      = {\mnras},
  keywords     = {galaxies: evolution, galaxies: formation, galaxies: high-redshift, cosmology: theory, Astrophysics - Astrophysics of Galaxies, Astrophysics - Cosmology and Nongalactic Astrophysics},
  year         = 2015,
  month        = {Oct},
  volume       = 453,
  number       = 1,
  pages        = {960-975},
  doi          = {10.1093/mnras/stv1679},
  archiveprefix = {arXiv},
  eprint       = {1503.07880},
  primaryclass = {astro-ph.GA},
  adsurl       = {https://ui.adsabs.harvard.edu/abs/2015MNRAS.453..960M},
  adsnote      = {Provided by the SAO/NASA Astrophysics Data System},
}

@article{Lotz2004,
  author       = {{Lotz}, Jennifer M. and {Primack}, Joel and {Madau}, Piero},
  title        = {{A New Nonparametric Approach to Galaxy Morphological Classification}},
  journal      = {\aj},
  keywords     = {Galaxies: Fundamental Parameters, Galaxies: High-Redshift, Galaxies: Peculiar, Galaxies: Structure, Astrophysics},
  year         = 2004,
  month        = {Jul},
  volume       = 128,
  number       = 1,
  pages        = {163-182},
  doi          = {10.1086/421849},
  archiveprefix = {arXiv},
  eprint       = {astro-ph/0311352},
  primaryclass = {astro-ph},
  adsurl       = {https://ui.adsabs.harvard.edu/abs/2004AJ....128..163L},
  adsnote      = {Provided by the SAO/NASA Astrophysics Data System},
}

@article{Li2001,
       author = {{Li}, Aigen and {Draine}, B.~T.},
        title = "{Infrared Emission from Interstellar Dust. II. The Diffuse Interstellar Medium}",
      journal = {\apj},
     keywords = {ISM: Dust, Extinction, Infrared: ISM: Continuum, Infrared: ISM: Lines and Bands, ISM: Abundances, Radiation Mechanisms: Thermal, Ultraviolet: ISM, Astrophysics},
         year = "2001",
        month = "Jun",
       volume = {554},
       number = {2},
        pages = {778-802},
          doi = {10.1086/323147},
archivePrefix = {arXiv},
       eprint = {astro-ph/0011319},
 primaryClass = {astro-ph},
       adsurl = {https://ui.adsabs.harvard.edu/abs/2001ApJ...554..778L},
      adsnote = {Provided by the SAO/NASA Astrophysics Data System}
}

@article{Hui1997,
       author = {{Hui}, Lam and {Gnedin}, Nickolay Y.},
        title = "{Equation of state of the photoionized intergalactic medium}",
      journal = {\mnras},
     keywords = {Equations Of State, Intergalactic Media, Photoionization, Absorption Spectra, Quasars, Astrophysics, EQUATION OF STATE, INTERGALACTIC MEDIUM, QUASARS: ABSORPTION LINES, COSMOLOGY: THEORY, Astrophysics},
         year = "1997",
        month = "Nov",
       volume = {292},
       number = {1},
        pages = {27-42},
          doi = {10.1093/mnras/292.1.27},
archivePrefix = {arXiv},
       eprint = {astro-ph/9612232},
 primaryClass = {astro-ph},
       adsurl = {https://ui.adsabs.harvard.edu/abs/1997MNRAS.292...27H},
      adsnote = {Provided by the SAO/NASA Astrophysics Data System}
}

@article{Hopkins2007,
       author = {{Hopkins}, Philip F. and {Richards}, Gordon T. and {Hernquist}, Lars},
        title = "{An Observational Determination of the Bolometric Quasar Luminosity Function}",
      journal = {\apj},
     keywords = {Cosmology: Observations, Galaxies: Active, Galaxies: Evolution, Galaxies: Luminosity Function, Mass Function, Infrared: Galaxies, Galaxies: Quasars: General, Ultraviolet: Galaxies, X-Rays: Galaxies, Astrophysics},
         year = "2007",
        month = "Jan",
       volume = {654},
       number = {2},
        pages = {731-753},
          doi = {10.1086/509629},
archivePrefix = {arXiv},
       eprint = {astro-ph/0605678},
 primaryClass = {astro-ph},
       adsurl = {https://ui.adsabs.harvard.edu/abs/2007ApJ...654..731H},
      adsnote = {Provided by the SAO/NASA Astrophysics Data System}
}

@article{Laursen2011,
       author = {{Laursen}, Peter and {Sommer-Larsen}, Jesper and {Razoumov}, Alexei O.},
        title = "{Intergalactic Transmission and Its Impact on the Ly{\ensuremath{\alpha}} Line}",
      journal = {\apj},
     keywords = {intergalactic medium, line: profiles, radiative transfer, scattering, Astrophysics - Cosmology and Nongalactic Astrophysics},
         year = "2011",
        month = "Feb",
       volume = {728},
       number = {1},
          eid = {52},
        pages = {52},
          doi = {10.1088/0004-637X/728/1/52},
archivePrefix = {arXiv},
       eprint = {1009.1384},
 primaryClass = {astro-ph.CO},
       adsurl = {https://ui.adsabs.harvard.edu/abs/2011ApJ...728...52L},
      adsnote = {Provided by the SAO/NASA Astrophysics Data System}
}

@article{Smailagi2016,
       author = {{Smailagi{\'c}}, M. and {Micic}, M. and {Martinovi{\'c}}, N.},
        title = "{Modelling the evolution of Ly {\ensuremath{\alpha}} blobs and Ly {\ensuremath{\alpha}} emitters}",
      journal = {\mnras},
     keywords = {galaxies: evolution, galaxies: high-redshift, galaxies: luminosity function, mass function, intergalactic medium, galaxies: stellar content, Astrophysics - Astrophysics of Galaxies},
         year = "2016",
        month = "Jun",
       volume = {459},
       number = {1},
        pages = {84-98},
          doi = {10.1093/mnras/stw462},
archivePrefix = {arXiv},
       eprint = {1602.06310},
 primaryClass = {astro-ph.GA},
       adsurl = {https://ui.adsabs.harvard.edu/abs/2016MNRAS.459...84S},
      adsnote = {Provided by the SAO/NASA Astrophysics Data System}
}

@article{Faucher-Giguere2010,
       author = {{Faucher-Gigu{\`e}re}, Claude-Andr{\'e} and {Kere{\v{s}}}, Du{\v{s}}an and
         {Dijkstra}, Mark and {Hernquist}, Lars and {Zaldarriaga}, Matias},
        title = "{Ly{\ensuremath{\alpha}} Cooling Emission from Galaxy Formation}",
      journal = {\apj},
     keywords = {cosmology: theory, galaxies: evolution, galaxies: formation, galaxies: high-redshift, intergalactic medium, radiative transfer, Astrophysics - Cosmology and Nongalactic Astrophysics},
         year = "2010",
        month = "Dec",
       volume = {725},
       number = {1},
        pages = {633-657},
          doi = {10.1088/0004-637X/725/1/633},
archivePrefix = {arXiv},
       eprint = {1005.3041},
 primaryClass = {astro-ph.CO},
       adsurl = {https://ui.adsabs.harvard.edu/abs/2010ApJ...725..633F},
      adsnote = {Provided by the SAO/NASA Astrophysics Data System}
}

@article{Fynbo1999,
       author = {{Fynbo}, J.~U. and {M{\o}ller}, P. and {Warren}, S.~J.},
        title = "{Extended LY alpha emission from a damped LY alpha absorber at z=1.93, and the relation between damped LY alpha absorbers and Lyman-break galaxies}",
      journal = {\mnras},
     keywords = {GALAXIES: FORMATION, QUASARS: ABSORPTION LINES, QUASARS: INDIVIDUAL: Q0151+048, Astrophysics},
         year = "1999",
        month = "May",
       volume = {305},
       number = {4},
        pages = {849-858},
          doi = {10.1046/j.1365-8711.1999.02520.x},
archivePrefix = {arXiv},
       eprint = {astro-ph/9812434},
 primaryClass = {astro-ph},
       adsurl = {https://ui.adsabs.harvard.edu/abs/1999MNRAS.305..849F},
      adsnote = {Provided by the SAO/NASA Astrophysics Data System}
}

@article{Dijkstra2009,
       author = {{Dijkstra}, Mark and {Loeb}, Abraham},
        title = "{Ly{\ensuremath{\alpha}} blobs as an observational signature of cold accretion streams into galaxies}",
      journal = {\mnras},
     keywords = {line: formation, cooling flows, galaxies: formation, galaxies: haloes, intergalactic medium, cosmology: theory, Astrophysics - Cosmology and Nongalactic Astrophysics},
         year = "2009",
        month = "Dec",
       volume = {400},
       number = {2},
        pages = {1109-1120},
          doi = {10.1111/j.1365-2966.2009.15533.x},
archivePrefix = {arXiv},
       eprint = {0902.2999},
 primaryClass = {astro-ph.CO},
       adsurl = {https://ui.adsabs.harvard.edu/abs/2009MNRAS.400.1109D},
      adsnote = {Provided by the SAO/NASA Astrophysics Data System}
}

@article{Haiman2001,
       author = {{Haiman}, Zolt{\'a}n and {Rees}, Martin J.},
        title = "{Extended Ly{\ensuremath{\alpha}} Emission around Young Quasars: A Constraint on Galaxy Formation}",
      journal = {\apj},
     keywords = {Black Hole Physics, Cosmology: Theory, Galaxies: Formation, Galaxies: Quasars: General, Astrophysics},
         year = "2001",
        month = "Jul",
       volume = {556},
       number = {1},
        pages = {87-92},
          doi = {10.1086/321567},
archivePrefix = {arXiv},
       eprint = {astro-ph/0101174},
 primaryClass = {astro-ph},
       adsurl = {https://ui.adsabs.harvard.edu/abs/2001ApJ...556...87H},
      adsnote = {Provided by the SAO/NASA Astrophysics Data System}
}

@article{Katz1996,
       author = {{Katz}, Neal and {Weinberg}, David H. and {Hernquist}, Lars and
         {Miralda-Escude}, Jordi},
        title = "{Damped Lyman-Alpha and Lyman Limit Absorbers in the Cold Dark Matter Model}",
      journal = {\apjl},
     keywords = {GALAXIES: FORMATION, HYDRODYNAMICS, COSMOLOGY: LARGE-SCALE STRUCTURE OF UNIVERSE, METHODS: NUMERICAL, GALAXIES: QUASARS: ABSORPTION LINES, Astrophysics},
         year = "1996",
        month = "Feb",
       volume = {457},
        pages = {L57},
          doi = {10.1086/309900},
archivePrefix = {arXiv},
       eprint = {astro-ph/9509106},
 primaryClass = {astro-ph},
       adsurl = {https://ui.adsabs.harvard.edu/abs/1996ApJ...457L..57K},
      adsnote = {Provided by the SAO/NASA Astrophysics Data System}
}

@article{Matsuda2009,
       author = {{Matsuda}, Y. and {Nakamura}, Y. and {Morimoto}, N. and {Smail}, Ian and
         {De Breuck}, C. and {Ohta}, K. and {Kodama}, T. and {Inoue}, A.~K. and
         {Hayashino}, T. and {Kousai}, K. and {Nakamura}, E. and {Horie}, M. and
         {Yamada}, T. and {Kitamura}, M. and {Saito}, T. and {Taniguchi}, Y. and
         {Tanaka}, I. and {Hibon}, P.},
        title = "{Ly{\ensuremath{\alpha}} blobs like company: the discovery of a candidate 100kpc Ly{\ensuremath{\alpha}} blob near to a radio galaxy with a giant Ly{\ensuremath{\alpha}} halo B3J2330+3927 at z = 3.1}",
      journal = {\mnras},
     keywords = {galaxies: evolution, galaxies: formation, galaxies: individual: B3J2330+3927, cosmology: observations, Astrophysics - Cosmology and Nongalactic Astrophysics, Astrophysics - Astrophysics of Galaxies},
         year = "2009",
        month = "Nov",
       volume = {400},
       number = {1},
        pages = {L66-L70},
          doi = {10.1111/j.1745-3933.2009.00764.x},
archivePrefix = {arXiv},
       eprint = {0909.4482},
 primaryClass = {astro-ph.CO},
       adsurl = {https://ui.adsabs.harvard.edu/abs/2009MNRAS.400L..66M},
      adsnote = {Provided by the SAO/NASA Astrophysics Data System}
}

@article{vanOjik1997,
       author = {{van Ojik}, R. and {Roettgering}, H.~J.~A. and {Miley}, G.~K. and
         {Hunstead}, R.~W.},
        title = "{The gaseous environments of radio galaxies in the early Universe: kinematics of the Lyman {\ensuremath{\alpha}} emission and spatially resolved H I absorption.}",
      journal = {\aap},
     keywords = {GALAXIES: ACTIVE, GALAXIES: STARBURST, GALAXIES: ISM, COSMOLOGY: OBSERVATIONS, RADIO CONTINUUM: GALAXIES, Astrophysics},
         year = "1997",
        month = "Jan",
       volume = {317},
        pages = {358-384},
archivePrefix = {arXiv},
       eprint = {astro-ph/9608092},
 primaryClass = {astro-ph},
       adsurl = {https://ui.adsabs.harvard.edu/abs/1997A&A...317..358V},
      adsnote = {Provided by the SAO/NASA Astrophysics Data System}
}

@article{Miley2008,
       author = {{Miley}, George and {De Breuck}, Carlos},
        title = "{Distant radio galaxies and their environments}",
      journal = {\aapr},
     keywords = {Radio galaxies, High-redshift, Massive galaxies, Clusters, Astrophysics},
         year = "2008",
        month = "Feb",
       volume = {15},
       number = {2},
        pages = {67-144},
          doi = {10.1007/s00159-007-0008-z},
archivePrefix = {arXiv},
       eprint = {0802.2770},
 primaryClass = {astro-ph},
       adsurl = {https://ui.adsabs.harvard.edu/abs/2008A&ARv..15...67M},
      adsnote = {Provided by the SAO/NASA Astrophysics Data System}
}

@article{Dey2005,
       author = {{Dey}, Arjun and {Bian}, Chao and {Soifer}, Baruch T. and {Brand}, Kate and
         {Brown}, Michael J.~I. and {Chaffee}, Frederic H. and
         {Le Floc'h}, Emeric and {Hill}, Grant and {Houck}, James R. and
         {Jannuzi}, Buell T. and {Rieke}, Marcia and {Weedman}, Daniel and
         {Brodwin}, Mark and {Eisenhardt}, Peter},
        title = "{Discovery of a Large \raisebox{-0.5ex}\textasciitilde200 kpc Gaseous Nebula at z \raisebox{-0.5ex}\textasciitilde 2.7 with the Spitzer Space Telescope}",
      journal = {\apj},
     keywords = {Galaxies: Formation, Galaxies: High-Redshift, Galaxies: Starburst, ISM: H II Regions, Astrophysics},
         year = "2005",
        month = "Aug",
       volume = {629},
       number = {2},
        pages = {654-666},
          doi = {10.1086/430775},
archivePrefix = {arXiv},
       eprint = {astro-ph/0503632},
 primaryClass = {astro-ph},
       adsurl = {https://ui.adsabs.harvard.edu/abs/2005ApJ...629..654D},
      adsnote = {Provided by the SAO/NASA Astrophysics Data System}
}

@article{Scarlata2009,
       author = {{Scarlata}, C. and {Colbert}, J. and {Teplitz}, H.~I. and {Bridge}, C. and
         {Francis}, P. and {Palunas}, P. and {Siana}, B. and {Williger}, G.~M. and
         {Woodgate}, B.},
        title = "{He II Emission in Ly{\ensuremath{\alpha}} Nebulae: Active Galactic Nucleus or Cooling Radiation?}",
      journal = {\apj},
     keywords = {galaxies: high-redshift, large-scale structure of universe, Astrophysics - Cosmology and Nongalactic Astrophysics},
         year = "2009",
        month = "Dec",
       volume = {706},
       number = {2},
        pages = {1241-1252},
          doi = {10.1088/0004-637X/706/2/1241},
archivePrefix = {arXiv},
       eprint = {0910.4998},
 primaryClass = {astro-ph.CO},
       adsurl = {https://ui.adsabs.harvard.edu/abs/2009ApJ...706.1241S},
      adsnote = {Provided by the SAO/NASA Astrophysics Data System}
}

@article{Geach2009,
       author = {{Geach}, J.~E. and {Alexander}, D.~M. and {Lehmer}, B.~D. and
         {Smail}, Ian and {Matsuda}, Y. and {Chapman}, S.~C. and
         {Scharf}, C.~A. and {Ivison}, R.~J. and {Volonteri}, M. and
         {Yamada}, T. and {Blain}, A.~W. and {Bower}, R.~G. and {Bauer}, F.~E. and
         {Basu-Zych}, A.},
        title = "{The Chandra Deep Protocluster Survey: Ly{\ensuremath{\alpha}} Blobs are Powered by Heating, Not Cooling}",
      journal = {\apj},
     keywords = {galaxies: active, galaxies: evolution, galaxies: formation, galaxies: high-redshift, X-rays: galaxies, Astrophysics - Cosmology and Extragalactic Astrophysics},
         year = "2009",
        month = "Jul",
       volume = {700},
       number = {1},
        pages = {1-9},
          doi = {10.1088/0004-637X/700/1/1},
archivePrefix = {arXiv},
       eprint = {0904.0452},
 primaryClass = {astro-ph.CO},
       adsurl = {https://ui.adsabs.harvard.edu/abs/2009ApJ...700....1G},
      adsnote = {Provided by the SAO/NASA Astrophysics Data System}
}

@article{Webb2009,
       author = {{Webb}, T.~M.~A. and {Yamada}, T. and {Huang}, J. -S. and
         {Ashby}, M.~L.~N. and {Matsuda}, Y. and {Egami}, E. and {Gonzalez}, M. and
         {Hayashimo}, T.},
        title = "{Spitzer Observations of Extended Lyman-{\ensuremath{\alpha}} Clouds in the SSA22 Field}",
      journal = {\apj},
     keywords = {dust, extinction, galaxies: active, galaxies: formation, galaxies: high-redshift, galaxies: starburst, infrared: galaxies, Astrophysics},
         year = "2009",
        month = "Feb",
       volume = {692},
       number = {2},
        pages = {1561-1570},
          doi = {10.1088/0004-637X/692/2/1561},
archivePrefix = {arXiv},
       eprint = {0812.0991},
 primaryClass = {astro-ph},
       adsurl = {https://ui.adsabs.harvard.edu/abs/2009ApJ...692.1561W},
      adsnote = {Provided by the SAO/NASA Astrophysics Data System}
}

@article{Colbert2011,
       author = {{Colbert}, James W. and {Scarlata}, Claudia and {Teplitz}, Harry and
         {Francis}, Paul and {Palunas}, Povilas and {Williger}, Gerard M. and
         {Woodgate}, Bruce},
        title = "{Polycyclic Aromatic Hydrocarbon Emission within Ly{\ensuremath{\alpha}} Blobs}",
      journal = {\apj},
     keywords = {galaxies: evolution, galaxies: high-redshift, infrared: galaxies},
         year = "2011",
        month = "Feb",
       volume = {728},
       number = {1},
          eid = {59},
        pages = {59},
          doi = {10.1088/0004-637X/728/1/59},
       adsurl = {https://ui.adsabs.harvard.edu/abs/2011ApJ...728...59C},
      adsnote = {Provided by the SAO/NASA Astrophysics Data System}
}

@article{Prescott2008,
       author = {{Prescott}, Moire K.~M. and {Kashikawa}, Nobunari and {Dey}, Arjun and
         {Matsuda}, Yuichi},
        title = "{The Overdense Environment of a Large Ly{\ensuremath{\alpha}} Nebula at z {\ensuremath{\approx}} 2.7}",
      journal = {\apjl},
     keywords = {galaxies: formation, galaxies: high-redshift, large-scale structure of universe, Astrophysics},
         year = "2008",
        month = "May",
       volume = {678},
       number = {2},
        pages = {L77},
          doi = {10.1086/588606},
archivePrefix = {arXiv},
       eprint = {0803.4230},
 primaryClass = {astro-ph},
       adsurl = {https://ui.adsabs.harvard.edu/abs/2008ApJ...678L..77P},
      adsnote = {Provided by the SAO/NASA Astrophysics Data System}
}

@article{Prescott2009,
       author = {{Prescott}, Moire K.~M. and {Dey}, Arjun and {Jannuzi}, Buell T.},
        title = "{The Discovery of a Large Ly{\ensuremath{\alpha}}+He II Nebula at z {\ensuremath{\approx}} 1.67: A Candidate Low Metallicity Region?}",
      journal = {\apj},
     keywords = {galaxies: formation, galaxies: high-redshift, surveys, Astrophysics - Cosmology and Extragalactic Astrophysics},
         year = "2009",
        month = "Sep",
       volume = {702},
       number = {1},
        pages = {554-566},
          doi = {10.1088/0004-637X/702/1/554},
archivePrefix = {arXiv},
       eprint = {0906.4785},
 primaryClass = {astro-ph.CO},
       adsurl = {https://ui.adsabs.harvard.edu/abs/2009ApJ...702..554P},
      adsnote = {Provided by the SAO/NASA Astrophysics Data System}
}

@article{Matsuda2007,
       author = {{Matsuda}, Y. and {Iono}, D. and {Ohta}, K. and {Yamada}, T. and
         {Kawabe}, R. and {Hayashino}, T. and {Peck}, A.~B. and
         {Petitpas}, G.~R.},
        title = "{High-Resolution Submillimeter Imaging of the Ly{\ensuremath{\alpha}} Blob 1 in SSA 22}",
      journal = {\apj},
     keywords = {Cosmology: Observations, Galaxies: Formation, Galaxies: High-Redshift, Galaxies: Starburst, Submillimeter, Astrophysics},
         year = "2007",
        month = "Oct",
       volume = {667},
       number = {2},
        pages = {667-672},
          doi = {10.1086/521076},
archivePrefix = {arXiv},
       eprint = {0707.0525},
 primaryClass = {astro-ph},
       adsurl = {https://ui.adsabs.harvard.edu/abs/2007ApJ...667..667M},
      adsnote = {Provided by the SAO/NASA Astrophysics Data System}
}

@article{Wilman2005,
       author = {{Wilman}, R.~J. and {Gerssen}, J. and {Bower}, R.~G. and
         {Morris}, S.~L. and {Bacon}, R. and {de Zeeuw}, P.~T. and
         {Davies}, R.~L.},
        title = "{The discovery of a galaxy-wide superwind from a young massive galaxy at redshift z \raisebox{-0.5ex}\textasciitilde 3}",
      journal = {\nat},
     keywords = {Astrophysics},
         year = "2005",
        month = "Jul",
       volume = {436},
       number = {7048},
        pages = {227-229},
          doi = {10.1038/nature03718},
archivePrefix = {arXiv},
       eprint = {astro-ph/0507315},
 primaryClass = {astro-ph},
       adsurl = {https://ui.adsabs.harvard.edu/abs/2005Natur.436..227W},
      adsnote = {Provided by the SAO/NASA Astrophysics Data System}
}

@article{Overzier2013,
       author = {{Overzier}, R.~A. and {Nesvadba}, N.~P.~H. and {Dijkstra}, M. and
         {Hatch}, N.~A. and {Lehnert}, M.~D. and {Villar-Mart{\'\i}n}, M. and
         {Wilman}, R.~J. and {Zirm}, A.~W.},
        title = "{Resolving the Optical Emission Lines of Ly{\ensuremath{\alpha}} Blob ``B1'' at z = 2.38: Another Hidden Quasar}",
      journal = {\apj},
     keywords = {galaxies: active, galaxies: evolution, galaxies: halos, galaxies: high-redshift, Astrophysics - Cosmology and Nongalactic Astrophysics},
         year = "2013",
        month = "Jul",
       volume = {771},
       number = {2},
          eid = {89},
        pages = {89},
          doi = {10.1088/0004-637X/771/2/89},
archivePrefix = {arXiv},
       eprint = {1305.2926},
 primaryClass = {astro-ph.CO},
       adsurl = {https://ui.adsabs.harvard.edu/abs/2013ApJ...771...89O},
      adsnote = {Provided by the SAO/NASA Astrophysics Data System}
}

@article{Ao2015,
       author = {{Ao}, Y. and {Matsuda}, Y. and {Beelen}, A. and {Henkel}, C. and
         {Cen}, R. and {De Breuck}, C. and {Francis}, P.~J. and
         {Kov{\'a}cs}, A. and {Lagache}, G. and {Lehnert}, M. and {Mao}, M.~Y. and
         {Menten}, K.~M. and {Norris}, R.~P. and {Omont}, A. and
         {Tatemastu}, K. and {Wei{\ss}}, A. and {Zheng}, Z.},
        title = "{What powers Ly{\ensuremath{\alpha}} blobs?}",
      journal = {\aap},
     keywords = {galaxies: formation, galaxies: high-redshift, galaxies: ISM, galaxies: active, infrared: galaxies, Astrophysics - Astrophysics of Galaxies, Astrophysics - Cosmology and Nongalactic Astrophysics},
         year = "2015",
        month = "Sep",
       volume = {581},
          eid = {A132},
        pages = {A132},
          doi = {10.1051/0004-6361/201424165},
archivePrefix = {arXiv},
       eprint = {1507.07627},
 primaryClass = {astro-ph.GA},
       adsurl = {https://ui.adsabs.harvard.edu/abs/2015A&A...581A.132A},
      adsnote = {Provided by the SAO/NASA Astrophysics Data System}
}

@article{Prescott2015,
       author = {{Prescott}, Moire K.~M. and {Momcheva}, Ivelina and
         {Brammer}, Gabriel B. and {Fynbo}, Johan P.~U. and {M{\o}ller}, Palle},
        title = "{Overturning the Case for Gravitational Powering in the Prototypical Cooling Ly{\ensuremath{\alpha}} Nebula}",
      journal = {\apj},
     keywords = {galaxies: evolution, galaxies: formation, galaxies: high-redshift, Astrophysics - Astrophysics of Galaxies},
         year = "2015",
        month = "Mar",
       volume = {802},
       number = {1},
          eid = {32},
        pages = {32},
          doi = {10.1088/0004-637X/802/1/32},
archivePrefix = {arXiv},
       eprint = {1501.05312},
 primaryClass = {astro-ph.GA},
       adsurl = {https://ui.adsabs.harvard.edu/abs/2015ApJ...802...32P},
      adsnote = {Provided by the SAO/NASA Astrophysics Data System}
}

@article{Kubo2013,
       author = {{Kubo}, M. and {Uchimoto}, Y.~K. and {Yamada}, T. and {Kajisawa}, M. and
         {Ichikawa}, T. and {Matsuda}, Y. and {Akiyama}, M. and {Hayashino}, T. and
         {Konishi}, M. and {Nishimura}, T. and {Omata}, K. and {Suzuki}, R. and
         {Tanaka}, I. and {Yoshikawa}, T. and {Alexander}, D.~M. and
         {Fazio}, G.~G. and {Huang}, J. -S. and {Lehmer}, B.~D.},
        title = "{The Formation of the Massive Galaxies in the SSA22 z = 3.1 Protocluster}",
      journal = {\apj},
     keywords = {cosmology: observations, galaxies: clusters: general, galaxies: evolution, galaxies: formation, galaxies: high-redshift, Astrophysics - Cosmology and Nongalactic Astrophysics},
         year = "2013",
        month = "Dec",
       volume = {778},
       number = {2},
          eid = {170},
        pages = {170},
          doi = {10.1088/0004-637X/778/2/170},
archivePrefix = {arXiv},
       eprint = {1310.2020},
 primaryClass = {astro-ph.CO},
       adsurl = {https://ui.adsabs.harvard.edu/abs/2013ApJ...778..170K},
      adsnote = {Provided by the SAO/NASA Astrophysics Data System}
}

@article{Hine2016,
       author = {{Hine}, N.~K. and {Geach}, J.~E. and {Alexander}, D.~M. and
         {Lehmer}, B.~D. and {Chapman}, S.~C. and {Matsuda}, Y.},
        title = "{An enhanced merger fraction within the galaxy population of the SSA22 protocluster at z = 3.1}",
      journal = {\mnras},
     keywords = {galaxies: evolution, galaxies: high-redshift, galaxies: interactions, Astrophysics - Astrophysics of Galaxies},
         year = "2016",
        month = "Jan",
       volume = {455},
       number = {3},
        pages = {2363-2370},
          doi = {10.1093/mnras/stv2448},
archivePrefix = {arXiv},
       eprint = {1506.05115},
 primaryClass = {astro-ph.GA},
       adsurl = {https://ui.adsabs.harvard.edu/abs/2016MNRAS.455.2363H},
      adsnote = {Provided by the SAO/NASA Astrophysics Data System}
}

@article{Alexander2016,
       author = {{Alexander}, D.~M. and {Simpson}, J.~M. and {Harrison}, C.~M. and
         {Mullaney}, J.~R. and {Smail}, I. and {Geach}, J.~E. and
         {Hickox}, R.~C. and {Hine}, N.~K. and {Karim}, A. and {Kubo}, M. and
         {Lehmer}, B.~D. and {Matsuda}, Y. and {Rosario}, D.~J. and
         {Stanley}, F. and {Swinbank}, A.~M. and {Umehata}, H. and {Yamada}, T.},
        title = "{ALMA observations of a z {\ensuremath{\approx}} 3.1 protocluster: star formation from active galactic nuclei and Lyman-alpha blobs in an overdense environment}",
      journal = {\mnras},
     keywords = {galaxies: active, galaxies: evolution, quasars: general, galaxies: star formation, submillimetre: galaxies, Astrophysics - Astrophysics of Galaxies},
         year = "2016",
        month = "Sep",
       volume = {461},
       number = {3},
        pages = {2944-2952},
          doi = {10.1093/mnras/stw1509},
archivePrefix = {arXiv},
       eprint = {1601.00682},
 primaryClass = {astro-ph.GA},
       adsurl = {https://ui.adsabs.harvard.edu/abs/2016MNRAS.461.2944A},
      adsnote = {Provided by the SAO/NASA Astrophysics Data System}
}

@article{Chapman2001,
       author = {{Chapman}, S.~C. and {Richards}, E.~A. and {Lewis}, G.~F. and
         {Wilson}, G. and {Barger}, A.~J.},
        title = "{The Nature of the Bright Submillimeter Galaxy Population: A Radio-preselected Sample with I\&gt;\raisebox{-0.5ex}\textasciitilde25}",
      journal = {\apjl},
     keywords = {Galaxies: Clusters: General, Galaxies: Evolution, Galaxies: Formation, Radio Continuum: Galaxies, Submillimeter, Astrophysics},
         year = "2001",
        month = "Feb",
       volume = {548},
       number = {2},
        pages = {L147-L151},
          doi = {10.1086/319111},
archivePrefix = {arXiv},
       eprint = {astro-ph/0011066},
 primaryClass = {astro-ph},
       adsurl = {https://ui.adsabs.harvard.edu/abs/2001ApJ...548L.147C},
      adsnote = {Provided by the SAO/NASA Astrophysics Data System}
}

@article{Ohyama2003,
       author = {{Ohyama}, Youichi and {Taniguchi}, Yoshiaki and {Kawabata}, Koji S. and
         {Shioya}, Yasuhiro and {Murayama}, Takashi and {Nagao}, Tohru and
         {Takata}, Tadafumi and {Iye}, Masanori and {Yoshida}, Michitoshi},
        title = "{On the Origin of Ly{\ensuremath{\alpha}} Blobs at High Redshift: Kinematic Evidence of a Hyperwind Galaxy at z = 3.1}",
      journal = {\apjl},
     keywords = {Galaxies: Evolution, Galaxies: Formation, Galaxies: Starburst, Astrophysics},
         year = "2003",
        month = "Jul",
       volume = {591},
       number = {1},
        pages = {L9-L12},
          doi = {10.1086/376959},
archivePrefix = {arXiv},
       eprint = {astro-ph/0305028},
 primaryClass = {astro-ph},
       adsurl = {https://ui.adsabs.harvard.edu/abs/2003ApJ...591L...9O},
      adsnote = {Provided by the SAO/NASA Astrophysics Data System}
}

@article{Leitherer1999,
       author = {{Leitherer}, Claus and {Schaerer}, Daniel and {Goldader}, Jeffrey D. and
         {Delgado}, Rosa M. Gonz{\'a}lez and {Robert}, Carmelle and
         {Kune}, Denis Foo and {de Mello}, Du{\'\i}lia F. and {Devost}, Daniel and
         {Heckman}, Timothy M.},
        title = "{Starburst99: Synthesis Models for Galaxies with Active Star Formation}",
      journal = {\apjs},
     keywords = {GALAXIES: EVOLUTION, GALAXIES: FUNDAMENTAL PARAMETERS, GALAXIES: STARBURST, GALAXIES: STELLAR CONTENT, METHODS: NUMERICAL, Galaxies: Evolution, Galaxies: Fundamental Parameters, Galaxies: Starburst, Galaxies: Stellar Content, Methods: Numerical, Astrophysics},
         year = "1999",
        month = "Jul",
       volume = {123},
       number = {1},
        pages = {3-40},
          doi = {10.1086/313233},
archivePrefix = {arXiv},
       eprint = {astro-ph/9902334},
 primaryClass = {astro-ph},
       adsurl = {https://ui.adsabs.harvard.edu/abs/1999ApJS..123....3L},
      adsnote = {Provided by the SAO/NASA Astrophysics Data System}
}

@book{Osterbrock1989,
       author = {{Osterbrock}, Donald E.},
        title = "{Astrophysics of gaseous nebulae and active galactic nuclei}",
         year = "1989",
       adsurl = {https://ui.adsabs.harvard.edu/abs/1989agna.book.....O},
      adsnote = {Provided by the SAO/NASA Astrophysics Data System}
}

@article{Nenkova2008,
       author = {{Nenkova}, Maia and {Sirocky}, Matthew M. and {Nikutta}, Robert and
         {Ivezi{\'c}}, {\v{Z}}eljko and {Elitzur}, Moshe},
        title = "{AGN Dusty Tori. II. Observational Implications of Clumpiness}",
      journal = {\apj},
     keywords = {dust, extinction, galaxies: active, galaxies: Seyfert, infrared: general, quasars: general, radiative transfer, Astrophysics},
         year = "2008",
        month = "Sep",
       volume = {685},
       number = {1},
        pages = {160-180},
          doi = {10.1086/590483},
archivePrefix = {arXiv},
       eprint = {0806.0512},
 primaryClass = {astro-ph},
       adsurl = {https://ui.adsabs.harvard.edu/abs/2008ApJ...685..160N},
      adsnote = {Provided by the SAO/NASA Astrophysics Data System}
}

@article{Magorrian1998,
       author = {{Magorrian}, John and {Tremaine}, Scott and {Richstone}, Douglas and
         {Bender}, Ralf and {Bower}, Gary and {Dressler}, Alan and
         {Faber}, S.~M. and {Gebhardt}, Karl and {Green}, Richard and
         {Grillmair}, Carl and {Kormendy}, John and {Lauer}, Tod},
        title = "{The Demography of Massive Dark Objects in Galaxy Centers}",
      journal = {\aj},
     keywords = {COSMOLOGY: DARK MATTER, GALAXIES: NUCLEI, Astrophysics},
         year = "1998",
        month = "Jun",
       volume = {115},
       number = {6},
        pages = {2285-2305},
          doi = {10.1086/300353},
archivePrefix = {arXiv},
       eprint = {astro-ph/9708072},
 primaryClass = {astro-ph},
       adsurl = {https://ui.adsabs.harvard.edu/abs/1998AJ....115.2285M},
      adsnote = {Provided by the SAO/NASA Astrophysics Data System}
}

@article{Smith2018,
       author = {{Smith}, Aaron and {Tsang}, Benny T. -H. and {Bromm}, Volker and
         {Milosavljevi{\'c}}, Milo{\v{s}}},
        title = "{Discrete diffusion Lyman {\ensuremath{\alpha}} radiative transfer}",
      journal = {\mnras},
     keywords = {radiative transfer, galaxies: high-redshift, line: formation, Astrophysics - Cosmology and Nongalactic Astrophysics, Astrophysics - Astrophysics of Galaxies, Physics - Computational Physics},
         year = "2018",
        month = "Sep",
       volume = {479},
       number = {2},
        pages = {2065-2078},
          doi = {10.1093/mnras/sty1509},
archivePrefix = {arXiv},
       eprint = {1709.10187},
 primaryClass = {astro-ph.CO},
       adsurl = {https://ui.adsabs.harvard.edu/abs/2018MNRAS.479.2065S},
      adsnote = {Provided by the SAO/NASA Astrophysics Data System}
}

@article{stoke,
       author = {{Schkufza}, Eric and {Sharma}, Rahul and {Aiken}, Alex},
        title = "{Stochastic Superoptimization}",
      journal = {arXiv e-prints},
     keywords = {Computer Science - Performance, Computer Science - Programming Languages},
         year = "2012",
        month = "Nov",
          eid = {arXiv:1211.0557},
        pages = {arXiv:1211.0557},
archivePrefix = {arXiv},
       eprint = {1211.0557},
 primaryClass = {cs.PF},
       adsurl = {https://ui.adsabs.harvard.edu/abs/2012arXiv1211.0557S},
      adsnote = {Provided by the SAO/NASA Astrophysics Data System}
}

@article{Naidu2019,
       author = {{Naidu}, Rohan P. and {Tacchella}, Sandro and {Mason}, Charlotte A. and
         {Bose}, Sownak and {Oesch}, Pascal A. and {Conroy}, Charlie},
        title = "{Rapid Reionization by the Oligarchs: The Case for Massive, UV-Bright, Star-Forming Galaxies with High Escape Fractions}",
      journal = {arXiv e-prints},
     keywords = {Astrophysics - Astrophysics of Galaxies, Astrophysics - Cosmology and Nongalactic Astrophysics},
         year = "2019",
        month = "Jul",
          eid = {arXiv:1907.13130},
        pages = {arXiv:1907.13130},
archivePrefix = {arXiv},
       eprint = {1907.13130},
 primaryClass = {astro-ph.GA},
       adsurl = {https://ui.adsabs.harvard.edu/abs/2019arXiv190713130N},
      adsnote = {Provided by the SAO/NASA Astrophysics Data System}
}

@article{Finkelstein2019,
       author = {{Finkelstein}, Steven L. and {D'Aloisio}, Anson and
         {Paardekooper}, Jan-Pieter and {Ryan}, Russell, Jr. and
         {Behroozi}, Peter and {Finlator}, Kristian and {Livermore}, Rachael and
         {Upton Sanderbeck}, Phoebe R. and {Dalla Vecchia}, Claudio and
         {Khochfar}, Sadegh},
        title = "{Conditions for Reionizing the Universe with a Low Galaxy Ionizing Photon Escape Fraction}",
      journal = {\apj},
     keywords = {dark ages, reionization, first stars, early universe, galaxies: evolution, galaxies: formation, Astrophysics - Cosmology and Nongalactic Astrophysics, Astrophysics - Astrophysics of Galaxies},
         year = 2019,
        month = jul,
       volume = {879},
       number = {1},
          eid = {36},
        pages = {36},
          doi = {10.3847/1538-4357/ab1ea8},
archivePrefix = {arXiv},
       eprint = {1902.02792},
 primaryClass = {astro-ph.CO},
       adsurl = {https://ui.adsabs.harvard.edu/abs/2019ApJ...879...36F},
      adsnote = {Provided by the SAO/NASA Astrophysics Data System}
}

@article{Sravan2016,
       author = {{Sravan}, Niharika and {Faucher-Gigu{\`e}re}, Claude-Andr{\'e} and
         {van de Voort}, Freeke and {Kere{\v{s}}}, Du{\v{s}}an and
         {Muratov}, Alexander L. and {Hopkins}, Philip F. and
         {Feldmann}, Robert and {Quataert}, Eliot and {Murray}, Norman},
        title = "{Strongly time-variable ultraviolet metal-line emission from the circum-galactic medium of high-redshift galaxies}",
      journal = {\mnras},
     keywords = {galaxies: evolution, galaxies: formation, galaxies: high-redshift, galaxies: haloes, intergalactic medium, cosmology: theory, Astrophysics - Astrophysics of Galaxies, Astrophysics - Cosmology and Nongalactic Astrophysics},
         year = 2016,
        month = nov,
       volume = {463},
       number = {1},
        pages = {120-133},
          doi = {10.1093/mnras/stw1962},
archivePrefix = {arXiv},
       eprint = {1510.06410},
 primaryClass = {astro-ph.GA},
       adsurl = {https://ui.adsabs.harvard.edu/abs/2016MNRAS.463..120S},
      adsnote = {Provided by the SAO/NASA Astrophysics Data System}
}

@article{Tange2011a,
  title        = {GNU Parallel - The Command-Line Power Tool},
  author       = {O. Tange},
  address      = {Frederiksberg, Denmark},
  journal      = {;login: The USENIX Magazine},
  month        = {Feb},
  number       = 1,
  volume       = 36,
  url          = {http://www.gnu.org/s/parallel},
  year         = 2011,
  pages        = {42-47},
}
